
@techreport{yang_outil_nodate,
	title = {Outil de gestion de parcours patient dans un hôpital de jour},
	language = {fr},
	author = {Yang, Jing},
	pages = {56},
	file = {Rapport_PRD_YANG JING.pdf:C\:\\Users\\Romain\\Documents\\Projet_R&D_2\\PRD_2017_18_YANG JING\\Rapport_PRD_YANG JING.pdf:application/pdf}
}

@techreport{pochet_outil_nodate,
	title = {Outil de gestion de parcours patients dans un hôpital de jour},
	language = {fr},
	author = {Pochet, Guillaume},
	pages = {62},
	file = {rapport_prd_pochet_guillaume.pdf:C\:\\Users\\Romain\\Documents\\Projet_R&D_2\\PRD_Livrables_pochet_guillaume\\rapport_prd_pochet_guillaume.pdf:application/pdf}
}

@techreport{colmart_systeme_nodate,
	title = {Système d’information pour la gestion des parcours-patients d’un hôpital de jour},
	language = {fr},
	author = {Colmart, Benjamin},
	pages = {26},
	file = {Colmart - Système d’information pour la gestion des parcours.pdf:C\:\\Users\\Romain\\Documents\\Projet_R&D_2\\PRD_Livrables_pochet_guillaume\\Colmart - Système d’information pour la gestion des parcours.pdf:application/pdf}
}

@misc{noauthor_chu_nodate,
	title = {Le {CHU} de {Tours} a lancé son service d'hôtel hospitalier},
	url = {http://www.info-tours.fr/articles/tours/2018/07/30/9333/le-chu-de-tours-a-lance-son-service-d-hotel-hospitalier/},
	abstract = {Certains patients peuvent y dormir pour éviter une nuit dans un lit d'hôpital.},
	language = {fr},
	urldate = {2018-10-17},
	journal = {Info Tours.fr},
	file = {Snapshot:C\:\\Users\\Romain\\Zotero\\storage\\SDBYQ3MD\\le-chu-de-tours-a-lance-son-service-d-hotel-hospitalier.html:text/html}
}